@incollection{cwBiemann,
	author    = {Biemann, Chris},
	title     = {{Chinese whispers: an efficient graph clustering algorithm and its application to natural language processing problems}},
	booktitle = {{TextGraphs: Proceedings of the First Workshop on Graph Based Methods for Natural Language Processing}},
	pages     = {73--80},
	year      = {2006},
	month     = jun,
	publisher = {Association for Computational Linguistics},
	doi       = {10.5555/1654758.1654774}
}

@article{watset,
	author    = {Ustalov, Dmitry and Panchenko, Alexander and Biemann, Chris and Ponzetto, Simone Paolo},
	title     = {{Watset: Local-Global Graph Clustering with Applications in Sense and Frame Induction}},
	journal   = {Computational Linguistics},
	volume    = {45},
	number    = {3},
	pages     = {423--479},
	year      = {2019},
	month     = sep,
	issn      = {0891-2017},
	publisher = {MIT Press},
	doi       = {10.1162/coli_a_00354}
}
